<?xml version="1.0" encoding="UTF-8"?><collection xmlns="http://www.loc.gov/MARC21/slim"><record><leader>00599nam--2200181-i-4500</leader><controlfield tag="001">000039190</controlfield><controlfield tag="002">20161230</controlfield><controlfield tag="005">20161230201042</controlfield><controlfield tag="008">060222s1000------------r-----000-0-fre-d</controlfield><datafield ind1=" " ind2=" " tag="040"><subfield code="a">IFIN-HH</subfield></datafield><datafield ind1=" " ind2=" " tag="041"><subfield code="a">fre</subfield></datafield><datafield ind1=" " ind2=" " tag="080"><subfield code="a">539.124.172:015:539.2</subfield></datafield><datafield ind1="1" ind2=" " tag="100"><subfield code="a">Robert, Daniel</subfield></datafield><datafield ind1="1" ind2="0" tag="245"><subfield code="a">Etude par diffraction electronique de l`interaction des faces simples d`un cristal de nickel avec des ions hydrogene de faible energie</subfield><subfield code="b">These</subfield><subfield code="c">Daniel robert</subfield></datafield><datafield ind1=" " ind2=" " tag="260"><subfield code="a">Lyon</subfield><subfield code="b">Universite Claude-bernard</subfield><subfield code="c">1971</subfield></datafield><datafield ind1=" " ind2=" " tag="300"><subfield code="a">43P.+APPENDICE + PLANCHES</subfield></datafield><datafield ind1=" " ind2=" " tag="852"><subfield code="a">38064</subfield><subfield code="c">539.12</subfield></datafield><datafield ind1=" " ind2=" " tag="CAT"><subfield code="a">Sys</subfield><subfield code="c">20111123</subfield><subfield code="h">091136</subfield></datafield></record></collection>